
@misc{vicon_2022,
 	title = {Vicon in use: Case studies: Motion capture systems},
 	url={https://www.vicon.com/resources/case-studies/the-role-of-motion-capture-in-education-is-changing-fast/},
 	journal={Vicon}, year={2022},
 	month={Jan}
 } 
 
@book{ViconMotionCaptureSpace,
	title={10-camera Vicon Motion Capture System},
	url={https://research-groups.usask.ca/ergolab/our-lab.php#LabbasedEquipment},
	journal={Our Lab - Ergonomics Lab - CCHSA},
	publisher={University of Saskatchewan}
} 

@misc{MotionCaptureDrone,
	title={Mocap Deck},
	url={https://www.bitcraze.io/2018/06/mocap-deck/},
	journal={Bitcraze},
	author={Tobias}
} 

@misc{gazebo, url={http://gazebosim.org/}, journal={Gazebo}
} 
 
@misc{ros, title={Robot operating system}, url={https://www.ros.org/}, journal={ROS}
} 
  
@misc{iris, title={3DR iris - the ready to fly UAV Quadcopter}, url={http://www.arducopter.co.uk/iris-quadcopter-uav.html}, journal={Arduino based Arducopter UAV, the open source multi-rotor}
} 

@misc{X4dot, title={Andrew Gibiansky - Quadcopter Dynamics and Simulation}, url={https://andrew.gibiansky.com/blog/physics/quadcopter-dynamics/}, journal={Quadcopter Dynamics and Simulation - Andrew Gibiansky}, author={Gibiansky, Andrew}
}

@misc{LQR, title={Linear-Quadratic Regulator (LQR) design}, url={https://www.mathworks.com/help/control/ref/lqr.html}, journal={Linear-Quadratic Regulator (LQR) design - MATLAB}
}