

@article{doe2005,
	Author = {Jane L. Doe and John Q. Public},
	Journal = {Nonlinear Dynamics},
	Pages = {71--92},
	Title = {The Parameterization of the Rotation Matrix using Redundant Attitude Coordinates},
	Volume = {32},
	Number = {3},
	Year = {2005}
}


@book{style1959,
	Address = {New York 17, New York},
	edition = {2nd},
	Publisher = {American Institute of Physics},
	Title = {Style Manual},
	Year = {1959}
}

 @misc{vicon_2022, title={Vicon in use: Case studies: Motion capture systems}, url={https://www.vicon.com/resources/case-studies/the-role-of-motion-capture-in-education-is-changing-fast/}, journal={Vicon}, year={2022}, month={Jan}
 } 
 
@book{ViconMotionCaptureSpace, title={10-camera Vicon Motion Capture System}, url={https://research-groups.usask.ca/ergolab/our-lab.php#LabbasedEquipment}, journal={Our Lab - Ergonomics Lab - CCHSA}, publisher={University of Saskatchewan}
} 

@misc{MotionCaptureDrone, title={Mocap Deck}, url={https://www.bitcraze.io/2018/06/mocap-deck/}, journal={Bitcraze}, author={Tobias and says:, Wolfgang Hoenig and Says:, Tobias and says:, Chris Bailey and Says:, Arnaud and says:, Mark and says:, Jack and Says:, Sad and says:, Tobias}
} 

@misc{gazebo, url={http://gazebosim.org/}, journal={Gazebo}
} 
 
@misc{ros, title={Robot operating system}, url={https://www.ros.org/}, journal={ROS}
} 
  
@misc{iris, title={3DR iris - the ready to fly UAV Quadcopter}, url={http://www.arducopter.co.uk/iris-quadcopter-uav.html}, journal={Arduino based Arducopter UAV, the open source multi-rotor}
} 